2566 3611
347 195 430 236 262
510 242 511 245 Ἰ
1129 181 1155 230 I
1211 183 1263 232 N
1319 178 1368 230 D
1422 180 1463 227 E
1523 180 1598 228 X.
2053 236 2056 240 ‚

404 246 522 291 cibus
553 243 644 302 ipse
1224 240 1332 288 ibid.
1449 238 1592 286 Multi
1623 238 1826 284 homines
1865 238 1966 287 solis
1997 240 2186 301 piscibus
2214 242 2377 290 vivunt

403 316 502 350 tum
520 317 614 360 quae
631 300 794 347 sensum
813 298 1048 349 ventriculi
1079 300 1226 347 delent
1253 306 1333 345 126
1500 304 1608 362 ‘136.
1647 311 1738 354 137·
1870 354 1879 361 ι

364 360 449 406 W&
481 361 653 419 putrida
686 360 809 405 varia
1225 357 1336 402 ibid.
1451 366 1587 401 enam
1620 369 1775 401 eorum
1806 369 1904 401 ovis
1942 384 1945 388 -
2298 375 2377 416 137

405 419 576 467 Nausea
606 420 711 478 quid
741 418 794 464 fit
1225 414 1333 462 ibid.
1449 412 1629 478 &garo
2166 430 2260 475 137.
2299 421 2376 474 138

1457 483 1591 516 etiam
1622 470 1791 517 inseffls
2303 471 2380 530 1⁴38

580 535 610 581 S
640 534 678 579 E
712 535 752 578 C
786 533 833 579 T
866 531 888 577 Ι
918 532 965 578 O
1025 531 1110 579 111.
1458 529 1593 574 Noxa
1623 529 1760 574 vietus
1792 527 2020 593 pisculenti
2270 528 2376 578 ibid.

518 652 746 696 CIBUS
773 650 869 694 ET
896 649 1164 695 POTUS.

1399 592 1439 632 6.
1472 587 1537 632 Ut
1568 586 1618 632 fit
1649 589 1698 632 ad
1726 602 1920 632 carnium
1950 588 2071 633 usum
2102 598 2286 634 ventum
2317 589 2378 636 ib.

1453 643 1654 691 Eduntur
1667 645 1921 691 animalium
1934 646 2274 694 herbivororum
2290 663 2379 693 car-

1510 717 1584 747 nes
2303 721 2382 762 139

344 771 387 813 s.
422 766 678 814 Auscultate
711 775 889 825 oportet
922 764 1028 811 fami
1117 769 1214 809 126.
1248 777 1332 828 ¹?7
1452 761 1787 808 carnivororum
1819 777 1907 807 non
1939 761 2064 808 facile
2271 762 2378 808 ibid.

402 825 445 869 8<
479 826 544 872 siti
1226 820 1332 867 ibid.
1452 823 1575 864 Aves
1607 835 1700 877 quae
1733 820 1779 865 in
1811 821 1958 867 cibum
1988 820 2258 879 recipiuntur
2271 819 2378 866 ibid.

401 885 592 930 Salubria
624 882 757 927 etiam
790 880 937 940 sunt„
958 894 1053 938 quae
1089 879 1226 925 valide
1259 894 1332 937 ap-
1450 877 1495 921 &
1528 878 1783 935 rejiciuntur
2271 879 2378 924 ibid.

457 952 664 998 petuntur
1221 937 1331 984 ibid.
1392 951 1431 992 7.
1463 936 1674 982 Carnium
1706 937 1943 982 commoda
2302 954 2385 994 140

399 996 534 1044 etiam
565 1014 658 1056 quae
691 997 862 1042 absurda
895 996 1100 1042 videntur
1129 993 1133 1000 ‘
1222 994 1329 1041 ibid.
1447 998 1647 1040 nutriunt
1680 996 1817 1053 magis
2269 995 2378 1042 ibid.

337 1071 378 1102 2.
412 1059 566 1102 Homo
598 1057 656 1101 est
687 1056 946 1100 omnivorus
1225 1052 1331 1098 ibid.
1450 1051 1494 1095 &
1526 1053 1621 1109 plus
1652 1056 1753 1098 dant
1787 1052 1956 1099 roboris
2271 1053 2379 1100 ibid.

397 1116 574 1160 fabrica
608 1114 880 1158 instrumenti
914 1114 958 1157 in
991 1111 1178 1157 homine
1210 1113 1331 1157 cibos

455 1172 689 1231 subigentis
722 1171 906 1231 ambigit
952 1171 1070 1217 inter
1101 1170 1334 1216 herbivora

455 1233 496 1276 δ(
529 1232 756 1275 carnivora

1254 1234 1332 1273 128
1395 1229 1434 1271 8.
1468 1226 1624 1272 Vinus
1656 1228 1797 1273 carnei
1832 1228 1941 1271 vitia

1454 1108 1592 1156 Porro
1607 1112 1809 1156 homines
1827 1145 1839 1166 ,
1854 1111 1926 1168 qui
1946 1111 2086 1157 crudis
2117 1112 2271 1158 solisve
2291 1128 2379 1157 car-

1481 1169 1605 1214 nibus
1638 1170 2006 1233 vixerint‚validi
2038 1170 2133 1216 sunt
2162 1188 2259 1227 140.
2298 1186 2375 1226 141

2300 1244 2377 1284 141

397 1290 596 1334 dentibus
1224 1285 1331 1332 ibid.
1449 1285 1692 1330 acrimonia
1724 1285 1972 1343 putrescens
2299 1301 2378 1340 142

395 1347 622 1393 intestinis
1222 1343 1330 1390 ibid.
1448 1343 1671 1389 scorbutus
2271 1342 2380 1388 ibid.

399 1421 514 1450 caeco
1227 1401 1332 1446 ibid.
1452 1401 1562 1444 vitia
1593 1402 1732 1458 adipis
2272 1401 2381 1448 ibid.

397 1461 574 1508 Tamen
595 1462 726 1507 etiam
760 1460 840 1505 alia
870 1459 1074 1505 anImalia
1092 1459 1181 1505 fere
1213 1471 1332 1504 utro·
1396 1474 1434 1514 9.
1468 1457 1605 1503 Cibus
1637 1460 1785 1505 mistus
2271 1459 2381 1506 ibid.

461 1535 545 1577 que
581 1521 694 1565 vinu
728 1529 910 1564 utuntur
1226 1514 1333 1560 ibid.
1451 1514 1724 1571 Vegetabilia
1770 1516 1881 1559 vitia
1912 1514 2050 1559 vietus
2098 1516 2260 1561 carnosi
2296 1518 2377 1562 mi-

399 1580 534 1624 etiam
584 1579 816 1624 herbivora
863 1590 1008 1621 carnes
1058 1590 1147 1620 non
1195 1577 1329 1619 detre-
1511 1585 1695 1617 nuerunt
2272 1572 2379 1620 ibid.

453 1638 569 1683 <stant
1249 1648 1327 1688 ηε)
1446 1641 1625 1688 oportet
1658 1641 1895 1687 utrumque
1926 1629 2095 1676 vinum
2121 1641 2377 1689 contempe-

395 1709 536 1753 neque
568 1696 686 1742 enim
719 1704 867 1739 natura
913 1691 1168 1749 vegetabilis
1221 1692 1327 1735 adeo
1502 1704 1591 1734 rare
2297 1703 2374 1747 143

452 1756 644 1799 multum
677 1755 727 1797 ab
759 1752 952 1798 animale
976 1750 1145 1796 diffidet
1219 1748 1325 1793 ibid.
1442 1747 1491 1794 in
1534 1746 1695 1810 calidis⁴
1731 1745 1981 1805 regionibus
2029 1746 2127 1804 plus
2169 1742 2373 1793 adhibere

392 1811 557 1858 Parinae
592 1814 756 1857 indoles
1218 1805 1325 1852 ibid.
1503 1805 1756 1862 vegetabilis
2267 1804 2374 1850 ibid.

387 1883 488 1926 pars
522 1873 772 1926 ann-lacea,
803 1882 896 1926 quae
929 1868 979 1912 ad
1022 1877 1197 1912 acorem
1229 1880 1324 1910 ver·
1445 1862 1489 1908 in
1522 1863 1690 1921 frigidis
1723 1865 1819 1920 plus
1852 1862 2047 1908 carnium
2264 1862 2375 1908 ibid.

449 1929 515 1985 git
1218 1922 1323 1968 ibid.
1443 1920 1726 1967 Consuetudo
1757 1922 1860 1978 quid
1895 1920 2024 1978 poffit
2262 1920 2369 1967 ibid.

385 1999 484 2043 pars
502 1984 874 2044 gelatinossa‚quae
904 1984 952 2025 ad
989 1981 1212 2027 urinofum
1241 1998 1319 2038 130
1386 1995 1448 2025 10.
1485 1979 1660 2024 Foffilia
1693 1995 1780 2023 non
1812 1980 1931 2023 alunt
2290 1995 2370 2036 144

386 2057 471 2099 qua
501 2044 582 2091 sint
616 2045 661 2089 in
693 2044 823 2087 variis
855 2041 1004 2086 farinis
1035 2041 1243 2098 portione
1261 2040 1317 2084 il).
1437 2037 1514 2083 nisi
1545 2038 1805 2083 animalcula
1835 2037 1978 2094 aliqua
2254 2034 2362 2083 ibid.

322 2115 369 2161 3.
403 2103 537 2149 Cibus
570 2101 824 2157 vegetabilis
1212 2097 1318 2144 ibid.
1436 2111 1526 2140 non
1559 2094 1789 2140 hominem
2258 2092 2364 2138 ibid.

385 2162 585 2216 primaevi
620 2160 702 2206 fuit
736 2156 934 2203 hominis
1109 2171 1200 2209 130.
1241 2174 1315 2213 131

383 2220 427 2263 ὅ(
445 2220 657 2264 frueluum
671 2217 942 2275 potiffimum
961 2213 1244 2260 arboreorum
1262 2215 1319 2260 ib.

386 2277 541 2322 deinde
573 2279 787 2331 aliorum,
820 2288 912 2331 quae
944 2283 1151 2332 vegetant
1211 2272 1318 2318 ibid.

387 2335 584 2379 :radicum
1242 2345 1315 2387 ¹3¹

387 2391 638 2436 Cerealium
1212 2384 1318 2431 ibid.

388 2449 509 2493 laetis
1213 2445 1317 2490 ibid.

390 2507 590 2562 exempla
624 2518 811 2560 eorum,
839 2501 917 2561 qui
949 2502 1052 2550 solis
1082 2504 1245 2562 plantis
1278 2503 1318 2548 se

448 2564 731 2609 sustentarunt
1110 2578 1201 2621 132.
1239 2578 1316 2621 133

388 2621 497 2667 ladie
529 2622 623 2666 solo
1242 2636 1315 2677 133

388 2680 565 2737 integrae
598 2689 743 2736 gentes
775 2677 892 2722 vifflu
925 2678 1157 2735 vegetabili
1208 2676 1317 2723 ibid.

330 2751 373 2791 4.
402 2740 495 2782 (gur
513 2751 657 2781 tamen
690 2737 738 2780 ad
772 2750 916 2780 carnes
935 2735 984 2779 fit
1019 2750 1198 2781 ventum
1239 2753 1318 2792 134

391 2795 481 2839 Etsi
516 2795 651 2840 vietus
685 2794 937 2851 vegetabilis
971 2793 1075 2838 bene
1107 2795 1185 2840 alit
1211 2793 1316 2838 ibid.

391 2853 592 2897 debilitat
625 2865 771 2897 tamen
1212 2850 1317 2896 ibid.

385 2910 428 2954 8(
462 2912 602 2955 minus
634 2912 760 2953 habet
792 2908 949 2954 alibilis
983 2909 1179 2956 materiei
1237 2925 1312 2966 133

386 2968 532 3013 minus
564 2971 637 3011 dat
670 2968 837 3012 roboris
1207 2965 1314 3014 ibid.

387 3025 429 3067 ἃ
462 3027 637 3070 morbos
670 3026 839 3081 aliquos
873 3024 975 3070 facit
1208 3024 1314 3070 ibid.

388 3082 518 3137 inque
566 3084 803 3128 borealibus
851 3082 1098 3141 regionibus
1140 3081 1218 3127 vix
1257 3081 1314 3127 est

452 3141 651 3193 parabilis
1214 3140 1323 3186 ibid.

337 3211 373 3254 3.
410 3195 544 3240 Pisces
578 3199 709 3253 primi
744 3199 790 3244 in
819 3198 942 3246 usum
975 3198 1102 3246 traffl
1219 3197 1325 3242 ibid.

390 3255 559 3302 Eorum
599 3267 748 3302 natura
1220 3254 1327 3305 ibid.

1436 2155 1628 2199 Metalla
1660 2168 1749 2198 non
1781 2154 1904 2199 alunt
2285 2167 2363 2209 145

1437 2214 1620 2257 Ferrum
1635 2212 1812 2267 quidem
1827 2213 1878 2256 ad
1895 2208 2145 2268 sanguinem
2166 2209 2289 2255 venit
2307 2209 2366 2254 ih.

1438 2271 1480 2314 δ(
1514 2272 1798 2325 hydrargyms
2255 2265 2365 2313 ibid.

1436 2331 1488 2373 de
1521 2343 1625 2372 auro
1657 2328 1699 2371 ὅ(
1730 2338 1910 2384 argento
1940 2327 2159 2370 dubitatur
2255 2322 2363 2372 ibid.

1438 2387 1673 2430 Plumbum
1704 2398 1922 2430 venenum
1953 2384 2082 2428 habet
2258 2380 2363 2427 ibid.

1436 2444 1478 2488 8<
1511 2458 1696 2500 cuprum
2256 2438 2378 2485 ibid.-

1384 2518 1445 2547 11.
1477 2502 1544 2547 Sal
1578 2501 1767 2546 marinus
2281 2502 2363 2552 146

1436 2560 1495 2604 est
1525 2561 1575 2604 de
1608 2559 1739 2604 soffili
1771 2572 1908 2616 regno
2252 2553 2360 2600 ibid.

1434 2617 1538 2674 Ejus
1571 2628 1684 2661 terra
2252 2611 2361 2657 ibid.

1433 2676 1604 2721 acidum
1636 2677 1899 2719 elementum
2251 2669 2358 2715 ibid.

1435 2735 1508 2778 Ad
1542 2732 1677 2777 solem
1710 2732 1854 2776 coetus
2250 2727 2357 2773 ibid.

1433 2792 1485 2835 ad
1518 2791 1691 2848 ignem,
1724 2790 1797 2833 iste
1828 2786 2017 2834 deterior
2251 2785 2358 2830 ibid.

1434 2849 1480 2894 in
1512 2848 1744 2892 condendis
1776 2846 1970 2891 carnibus
2003 2843 2096 2890 usus
2249 2842 2358 2888 ibid.

1434 2907 1630 2964 plerique
1662 2906 1870 2949 mortales
1903 2904 1984 2949 sale
2016 2914 2195 2948 utuntur
2261 2916 2355 2965 ,147

1434 2965 1508 3021 qui
1540 2963 1772 3008 abstineant
2253 2958 2358 3003 ibid.

1383 3039 1445 3070 12.
1477 3021 1774 3066 Condimenta
1805 3019 1924 3063 acida
2283 3021 2362 3071 148

1439 3095 1591 3124 eorum
1624 3076 1812 3124 benefica
1843 3088 1994 3124 natura
2255 3073 2366 3124 ibid,

1441 3137 1689 3182 saccharum
2258 3130 2365 3176 ibid.

1445 3196 1541 3239 Mel
2261 3187 2367 3233 ibid.

1445 3250 1663 3309 Butyrum
2262 3245 2369 3290 ibid.

2291 3303 2374 3348 Fu-
